% Articles (fold)

@article{arf1940untersuchungen,
  title={Untersuchungen {\"u}ber reinverzweigte Erweiterungen diskret bewerteter perfekter K{\"o}rper.},
  author={Arf, Cahit},
  year={1940},
  publisher={Walter de Gruyter, Berlin/New York Berlin, New York}
}

@article{Bochner1946FGrps,
 author = {S. Bochner},
 journal = {Annals of Mathematics},
 number = {2},
 pages = {192--201},
 publisher = {Annals of Mathematics},
 title = {Formal Lie Groups},
 volume = {47},
 year = {1946}
}

@article{BoyarchenkoWeinstein2011MaxVar,
author = {Boyarchenko, Mitya and Weinstein, Jared},
year = {2011},
month = {09},
pages = {},
title = {Maximal varieties and the local Langlands correspondence for GL(n)},
volume = {29},
journal = {Journal of the American Mathematical Society},
}

@inproceedings{Conrad2009HISTORYOC,
  title={History Of Class Field Theory},
  author={Keith Conrad and Franz Lemmermeyer and Peter J. Roquette and Jean-Pierre Serre},
  year={2009},
}

@article{de1995crystalline,
  title={Crystalline Dieudonn{\'e} module theory via formal and rigid geometry},
  author={De Jong, Arthur J},
  journal={Publications Math{\'e}matiques de l'IH{\'E}S},
  volume={82},
  pages={5--96},
  year={1995}
}

@article{delignelusztig1976,
  title={Representations of reductive groups over finite fields},
  author={Deligne, Pierre and Lusztig, George},
  journal={Annals of Mathematics},
  volume={103},
  number={1},
  pages={103--161},
  year={1976},
  publisher={JSTOR}
}

@article{digne1985fonctions,
  title={Fonctions $L$ des vari{\'e}t{\'e}s de Deligne-Lusztig et descente de Shintani},
  author={Digne, Fran{\c{c}}ois and Michel, Jean},
  journal={M{\'e}moires de la Soci{\'e}t{\'e} Math{\'e}matique de France},
  volume={20},
  pages={1--144},
  year={1985},
  publisher={Soci{\'e}t{\'e} math{\'e}matique de France}
}

@article{drinfel1974elliptic,
  title={Elliptic modules},
  author={Drinfel'd, Vladimir G},
  journal={Mathematics of the USSR-Sbornik},
  volume={23},
  number={4},
  pages={561},
  year={1974},
  publisher={IOP Publishing}
}


@article{EGA,
    AUTHOR = "Dieudonn{\'e}, Jean and Grothendieck, Alexander",
    TITLE = "\'{E}l\'ements de g\'eom\'etrie alg\'ebrique",
    JOURNAL = "Inst. Hautes \'Etudes Sci. Publ. Math.",
    VOLUME = "4, 8, 11, 17, 20, 24, 28, 32",
    YEAR = "1961--1967"
}

@article{gold1981local,
  title={Local class field theory via Lubin-Tate groups},
  author={Gold, Robert},
  journal={Indiana University Mathematics Journal},
  volume={30},
  number={5},
  pages={795--798},
  year={1981},
  publisher={JSTOR}
}

@incollection{hazewinkel1979funceqexp,
     author = {Hazewinkel, Michiel},
     title = {On formal groups. {The} functional equation lemma and some of its
              applications},
     booktitle = {Journ\'ees de G\'eom\'etrie Alg\'ebrique de Rennes - (Juillet
                  1978) (I) : Groupe formels, repr\'esentations galoisiennes et
                  cohomologie des vari\'et\'es de caract\'eristique positive},
     series = {Ast\'erisque},
     pages = {73--82},
     publisher = {Soci\'et\'e math\'ematique de France},
     number = {63},
     year = {1979},
     mrnumber = {563461},
     zbl = {0423.14028},
     language = {English},
}

@article{hedayatzadeh2015det,
     author = {S. Mohammad Hadi Hedayatzadeh},
     title = {Exterior {Powers} of {Lubin-Tate} {Groups}},
     journal = {Journal de th\'eorie des nombres de Bordeaux},
     pages = {77--148},
     publisher = {Soci\'et\'e Arithm\'etique de Bordeaux},
     volume = {27},
     number = {1},
     year = {2015},
     mrnumber = {3346966},
     language = {en},
}

@article{honda1970formalgroups,
  author = {Taira Honda},
  title = {On the theory of commutative formal groups},
  volume = {22},
  journal = {Journal of the Mathematical Society of Japan},
  number = {2},
  publisher = {Mathematical Society of Japan},
  pages = {213 -- 246},
  year = {1970},
}

@article{hopkins1994equivariant,
  title={Equivariant vector bundles on the Lubin-Tate moduli space},
  author={Gross, Benedict H and Hopkins, Michael J},
  journal={Contemporary Mathematics},
  volume={158},
  pages={23--23},
  year={1994},
  publisher={American Mathematical Society}
}

@article{imaitsushima2020affinoids,
  title={Affinoids in the Lubin--Tate perfectoid space and simple supercuspidal
         representations I: tame case},
  author={Imai, Naoki and Tsushima, Takahiro},
  journal={International Mathematics Research Notices},
  volume={2020},
  number={22},
  pages={8251--8291},
  year={2020},
  publisher={Oxford University Press}
}

@article{keller1990chain,
  title={Chain complexes and stable categories},
  author={Keller, Bernhard},
  journal={Manuscripta mathematica},
  volume={67},
  number={1},
  pages={379--417},
  year={1990},
  publisher={Springer}
}


@article{kim2015relative,
  title={The relative Breuil--Kisin classification of p-divisible groups and finite flat group schemes},
  author={Kim, Wansu},
  journal={International Mathematics Research Notices},
  volume={2015},
  number={17},
  pages={8152--8232},
  year={2015},
  publisher={Oxford University Press}
}

@article{Kottwitz1985IsocI,
     author = {Kottwitz, Robert E.},
     title = {Isocrystals with additional structure},
     journal = {Compositio Mathematica},
     pages = {201--220},
     publisher = {Martinus Nijhoff Publishers},
     volume = {56},
     number = {2},
     year = {1985},
     zbl = {0597.20038},
     mrnumber = {809866},
     language = {en},
}

@article{kottwitz1997IsocII, title={Isocrystals with additional structure. II},
    volume={109}, 
    number={3},
    journal={Compositio Mathematica}, 
    publisher={London Mathematical Society},
    author={Kottwitz, Robert E.}, 
    year={1997}, 
    pages={255–339}
}

@article{kottwitz1984shimura,
  title={Shimura varieties and twisted orbital integrals},
  author={Kottwitz, Robert E},
  journal={Mathematische Annalen},
  volume={269},
  number={3},
  pages={287--300},
  year={1984},
  publisher={Springer}
}

@article{Lazard1955FGrps,
     author = {Lazard, Michel},
     title = {Sur les groupes de {Lie} formels \`a un param\`etre},
     journal = {Bulletin de la Soci\'et\'e Math\'ematique de France},
     pages = {251--274},
     publisher = {Soci\'et\'e math\'ematique de France},
     volume = {83},
     year = {1955},
     zbl = {0068.25703},
     mrnumber = {73925},
     language = {fr},
}



@article{LubinTateFormalMult, 
 author = {Jonathan Lubin and John Tate}, 
 journal = {Annals of Mathematics}, 
 number = {2}, 
 pages = {380--387}, 
 publisher = {Annals of Mathematics}, 
 title = {Formal Complex Multiplication in Local Fields}, 
 volume = {81}, 
 year = {1965} 
}

@article{LubinTate1966FormalModuli,
  title={Formal moduli for one-parameter formal Lie groups},
  author={Lubin, Jonathan and Tate, John},
  journal={Bulletin de la Soci{\'e}t{\'e} Math{\'e}matique de France},
  volume={94},
  pages={49--59},
  year={1966}
}

@article{mieda2014jacquetlanglands,
  title={Geometric approach to the local Jacquet-Langlands correspondence},
  author={Mieda, Yoichi},
  journal={American Journal of Mathematics},
  volume={136},
  number={4},
  pages={1067--1091},
  year={2014},
  publisher={Johns Hopkins University Press}
}

@article{mieda2014variants,
  title={Variants of formal nearby cycles},
  author={Mieda, Yoichi},
  journal={Journal of the Institute of Mathematics of Jussieu},
  volume={13},
  number={4},
  pages={701--752},
  year={2014},
  publisher={Cambridge University Press}
}



@article{raynaud1974geometrie,
  title={G{\'e}om{\'e}trie analytique rigide d’apres Tate, Kiehl},
  author={Raynaud, Michel},
  journal={Table ronde d’analyse non archim{\'e}dienne (Paris, 1972)},
  pages={319--327},
  year={1974},
  publisher={Soc. Math. France Paris}
}

@article{Strauch2008DefSp,
  title = {Deformation spaces of one-dimensional formal modules and their cohomology},
  journal = {Advances in Mathematics},
  volume = {217},
  number = {3},
  pages = {889-951},
  year = {2008},
  author = {Matthias Strauch},
  keywords = {Local Langlands correspondence, Jacquet–Langlands correspondence, Lubin–Tate spaces, Drinfeld level structures, Lefschetz trace formula, Rigid Analytic Geometry},
}

@article{wang2014espace,
  title={L’espace sym{\'e}trique de Drinfeld et correspondance de Langlands locale I},
  author={Wang, Haoran},
  journal={Mathematische Zeitschrift},
  volume={278},
  number={3},
  pages={829--857},
  year={2014},
  publisher={Springer}
}

@article{weinstein2016semistable,
  title={Semistable models for modular curves of arbitrary level},
  author={Weinstein, Jared},
  journal={Inventiones mathematicae},
  volume={205},
  pages={459--526},
  year={2016},
  publisher={Springer}
}

% Articles (end)

% Books (fold)

@book{berthelot2006theorie,
  title={Th{\'e}orie de Dieudonn{\'e} cristalline II},
  author={Berthelot, Pierre and Breen, Lawrence and Messing, William},
  volume={930},
  year={2006},
  publisher={Springer}
}

@book{bushnell2006local,
  title={The local Langlands conjecture for GL (2)},
  author={Bushnell, Colin J and Henniart, Guy},
  volume={335},
  year={2006},
  publisher={Springer Science \& Business Media}
}

@book{chriss1997representation,
  title={Representation theory and complex geometry},
  author={Chriss, Neil and Ginzburg, Victor},
  volume={42},
  year={1997},
  publisher={Springer}
}

@book{gortz2020algebraic,
  title={Algebraic Geometry I: Schemes: With Examples and Exercises},
  author={G{\"o}rtz, Ulrich and Wedhorn, Torsten},
  year={2020},
  publisher={Springer Nature}
}

@book{getz2023introduction,
  title={An Introduction to Automorphic Representations: With a View Toward
         Trace Formulae},
  author={Getz, Jayce R and Hahn, Heekyoung},
  volume={300},
  year={2023},
  publisher={Springer Nature}
}

@book{hazewinkel1978formal,
  title={Formal groups and applications},
  author={Hazewinkel, Michiel},
  volume={78},
  year={1978},
  publisher={Elsevier}
}

@book{huber2013etale,
  title={{\'E}tale cohomology of rigid analytic varieties and adic spaces},
  author={Huber, Roland},
  volume={30},
  year={2013},
  publisher={Springer}
}

@book{humphreys1998linear,
  title={Linear algebraic groups, second edition},
  author={Humphreys, James E},
  year={1998},
  publisher={Springer-Verlag}
}

@book{HTShimura,
  title={The Geometry and Cohomology of Some Simple Shimura Varieties.(AM-151), Volume 151},
  author={Harris, Michael and Taylor, Richard},
  volume={151},
  year={2001},
  publisher={Princeton university press}
}

@article{laumon1993elliptic,
  title={-elliptic sheaves and the Langlands correspondence},
  author={Laumon, G{\'e}rard and Rapoport, Michael and Stuhler, Ulrich},
  journal={Inventiones mathematicae},
  volume={113},
  number={1},
  pages={217--338},
  year={1993},
  publisher={Springer}
}

@book{LeiFuEtale,
  title={Etale Cohomology Theory},
  author={Lei Fu},
  volume={13},
  year={2011},
  publisher={World Scientific Publishing Co. Pte. Ltd.}
}

@book{matsumura1989commutative,
  title={Commutative ring theory},
  author={Matsumura, Hideyuki},
  number={8},
  year={1989},
  publisher={Cambridge university press}
}

@book{milne2017algebraic,
  title={Algebraic groups: the theory of group schemes of finite type over a field},
  author={Milne, James S},
  volume={170},
  year={2017},
  publisher={Cambridge University Press}
}

@book{neukirch2006algebraische,
  title={Algebraische zahlentheorie},
  author={Neukirch, J{\"u}rgen},
  year={2006},
  publisher={Springer-verlag}
}

@book{rapoport1996period,
  title={Period spaces for p-divisible groups},
  author={Michael Rapoport and Thomas Zink},
  year={1996},
  publisher={Princeton University Press}
}

@article{Rapoport2014TowardsAT,
  title={Towards a theory of local Shimura varieties},
  author={Michael Rapoport and Eva Viehmann},
  journal={arXiv: Algebraic Geometry},
  year={2014}
}

@Inbook{Ricolfi2022,
  author="Ricolfi, Andrea T.",
  title="Relative Grassmannians, Quot, Hilb",
  bookTitle="An Invitation to Modern Enumerative Geometry",
  year="2022",
  publisher="Springer International Publishing",
  address="Cham",
  pages="69--90",
  abstract="In this chapter we introduce three important examples of fine
    moduli spaces used in algebraic geometry: relative Grassmannians (including
    Grassmann bundles), Hilbert schemes and Quot schemes. We use the notion of
    (quasi)projectivity introduced in Definition 3.2.8throughout.",
  isbn="978-3-031-11499-1",
}

@book{riehl2017category,
  title={Category theory in context},
  author={Riehl, Emily},
  year={2017},
  publisher={Courier Dover Publications}
}

@book{silverman1994advanced,
  title={Advanced topics in the arithmetic of elliptic curves},
  author={Silverman, Joseph H},
  volume={151},
  year={1994},
  publisher={Springer Science \& Business Media}
}

@book{serre2013local,
  title={Local fields},
  author={Serre, Jean-Pierre},
  volume={67},
  year={2013},
  publisher={Springer Science \& Business Media}
}

@book{SGA4,
    shorthand = {SGA4},
    AUTHOR = "Artin, Michael and Grothendieck, Alexander and Verdier, Jean-Louis",
    TITLE = "Theorie de Topos et Cohomologie Etale des Schemas {I}, {II}, {III}",
    PUBLISHER = "Springer",
    YEAR = "1971",
    SERIES = "Lecture Notes in Mathematics",
    VOLUME = "269, 270, 305"
}

% Books (end)

% Misc (fold)

@misc{milne2017reductive,
      title={Reductive Groups}, 
      author={J. S. Milne},
      year={2017},
      howpublished={\url{https://www.jmilne.org/math/}}
}

@misc{stacks-project,
    shorthand    = {Stacks},
    author       = {The {Stacks Project Authors}},
    title        = {\textit{Stacks Project}},
    howpublished = {\url{https://stacks.math.columbia.edu}},
    year         = {2024},
}


@inproceedings{hansen2022kottwitz,
  title={On the Kottwitz conjecture for local shtuka spaces},
  author={Hansen, David and Kaletha, Tasho and Weinstein, Jared},
  booktitle={Forum of Mathematics, Pi},
  volume={10},
  pages={e13},
  year={2022},
  organization={Cambridge University Press}
}

@misc{Weinstein2013Shtukas,
  title={Shtukas and the Langlands program: a bird's eye view},
  author={Jared Weinstein},
  howpublished={\url{https://drive.google.com/file/d/104Mhy5bTvvp5LmrsFH3sdkl4eHeOA-zy/view}},
  year={2023}
}   

@misc{mieda2016geometric,
      title={Geometric approach to the explicit local Langlands correspondence}, 
      author={Yoichi Mieda},
      year={2016},
      eprint={1605.00511},
      archivePrefix={arXiv},
      primaryClass={math.NT}
}

@misc{Makisumi2011RedGrp,
  title={Structure Theory of Reductive Groups through Examples},
  author={Shotaro Makisumi},
  howpublished={\url{https://makisumi.com/math/old/reductivegroups.pdf}},
  year={2011}
}
@misc{ShalitIsoc,
  title={F-Isocrystals},
  author={Ehud de Salid},
  howpublished={\url{http://www.ma.huji.ac.il/~deshalit/new_site/files/F-isocrystals.pdf}},
  year={2006}
}

@misc{aubert2014local,
      title={The local Langlands correspondence for inner forms of $SL_n$}, 
      author={Anne-Marie Aubert and Paul Baum and Roger Plymen and Maarten Solleveld},
      year={2014},
      eprint={1305.2638},
      archivePrefix={arXiv},
      primaryClass={math.RT}
}

@misc{milnetannakian,
      title={Tannakian Categories}, 
      author={P. Deligne and J.S. Milne},
      year={2012},
      howpublished={\url{https://www.jmilne.org/math/xnotes/tc.pdf}}
}

@inproceedings{anschutz2023prismatic,
  title={Prismatic Dieudonn{\'e} theory},
  author={Ansch{\"u}tz, Johannes and Le Bras, Arthur-C{\'e}sar},
  booktitle={Forum of Mathematics, Pi},
  volume={11},
  pages={e2},
  year={2023},
  organization={Cambridge University Press}
}


@incollection{kisin2006crystalline,
  title={Crystalline representations and F-crystals},
  author={Kisin, Mark},
  booktitle={Algebraic geometry and number theory: in honor of Vladimir Drinfeld’s 50th birthday},
  pages={459--496},
  year={2006},
  publisher={Springer}
}

% Misc (end)
